<record><leader>00000cas a2200000 a 4500</leader><controlfield tag="001">11190422</controlfield><controlfield tag="008">840924d1861186uinuwr ne     l0    0eng c</controlfield><datafield ind1=" " ind2=" " tag="010"><subfield code="a">sn 84038038 </subfield></datafield><datafield ind1=" " ind2=" " tag="040"><subfield code="a">NPX</subfield><subfield code="b">eng</subfield><subfield code="c">NPX</subfield><subfield code="d">NPY</subfield><subfield code="d">NPI</subfield><subfield code="d">IUL</subfield><subfield code="d">OCLCQ</subfield><subfield code="d">IUL</subfield><subfield code="d">OCLCQ</subfield><subfield code="d">OCLCF</subfield></datafield><datafield ind1="1" ind2=" " tag="029"><subfield code="a">AU@</subfield><subfield code="b">000025817861</subfield></datafield><datafield ind1=" " ind2=" " tag="042"><subfield code="a">pcc</subfield></datafield><datafield ind1=" " ind2=" " tag="043"><subfield code="a">n-us-in</subfield></datafield><datafield ind1=" " ind2="4" tag="050"><subfield code="a">Newspapers</subfield></datafield><datafield ind1="0" ind2="4" tag="245"><subfield code="a">The Salem union advocate.</subfield></datafield><datafield ind1=" " ind2=" " tag="260"><subfield code="a">Salem, Ind. :</subfield><subfield code="b">Morrison &amp; Huston</subfield></datafield><datafield ind1=" " ind2=" " tag="300"><subfield code="a">v. :</subfield><subfield code="b">ill. (chiefly advertisements) ;</subfield><subfield code="c">59 cm.</subfield></datafield><datafield ind1=" " ind2=" " tag="310"><subfield code="a">Weekly</subfield></datafield><datafield ind1="1" ind2=" " tag="362"><subfield code="a">Began with June 13, 1861 issue.</subfield><subfield code="z">Cf. Miller, John W. Indiana newspaper bibl.</subfield></datafield><datafield ind1="1" ind2=" " tag="362"><subfield code="a">Ceased between Oct. 1864 and Apr. 1865.</subfield></datafield><datafield ind1=" " ind2=" " tag="500"><subfield code="a">Editor: James G. May, &lt;1864&gt;.</subfield></datafield><datafield ind1=" " ind2=" " tag="500"><subfield code="a">Published a daily ed. for a short time in 1862. Cf. Miller.</subfield></datafield><datafield ind1=" " ind2=" " tag="500"><subfield code="a">Publishers: Morrison &amp; Huston, 1861-1862; John I. Morrison, 1861; Morrison &amp; Burton, 1862-1864; George V. [i.e. W.] Smith, 186&lt;4&gt;. Cf. Miller.</subfield></datafield><datafield ind1=" " ind2=" " tag="500"><subfield code="a">"Republican." Cf. Miller.</subfield></datafield><datafield ind1=" " ind2=" " tag="588"><subfield code="a">Description based on: Vol. 4, no. 13 (July 18, 1861).</subfield></datafield><datafield ind1=" " ind2="0" tag="651"><subfield code="a">Salem (Ind.)</subfield><subfield code="v">Newspapers.</subfield></datafield><datafield ind1=" " ind2="0" tag="651"><subfield code="a">Washington County (Ind.)</subfield><subfield code="v">Newspapers.</subfield></datafield><datafield ind1=" " ind2="7" tag="655"><subfield code="a">Newspapers.</subfield><subfield code="2">fast</subfield><subfield code="0">(OCoLC)fst01423814</subfield></datafield><datafield ind1=" " ind2="7" tag="651"><subfield code="a">Indiana</subfield><subfield code="z">Salem.</subfield><subfield code="2">fast</subfield><subfield code="0">(OCoLC)fst01257044</subfield></datafield><datafield ind1=" " ind2="7" tag="651"><subfield code="a">Indiana</subfield><subfield code="z">Washington County.</subfield><subfield code="2">fast</subfield><subfield code="0">(OCoLC)fst01217010</subfield></datafield><datafield ind1=" " ind2=" " tag="752"><subfield code="a">United States</subfield><subfield code="b">Indiana</subfield><subfield code="c">Washington</subfield><subfield code="d">Salem.</subfield></datafield><datafield ind1="0" ind2="0" tag="780"><subfield code="t">Salem weekly times (Salem, Ind. : 1858)</subfield><subfield code="w">(DLC)sn 85048015</subfield><subfield code="w">(OCoLC)12323022</subfield></datafield><datafield ind1="0" ind2="0" tag="785"><subfield code="t">Salem weekly union advocate</subfield><subfield code="w">(DLC)sn 85038050</subfield><subfield code="w">(OCoLC)11659865</subfield></datafield></record>